@misc{ProbRob,
	title = "Probabilistic Robotics",
	author = "AS:DFLASV:LASVK:SLDV",
	year = "1337"
}
