 @article{funkhouser,
 author = {{Funkhouser T} and {Tsingos N} and {Carlbom I} and {Elko G} and {Sondhi M} and {West J E} and {Pingali G} and {Min P} and {Ngan A}},
 journal = {Acoustical Society of America},
 title = {A beam tracing method for interactive architectural acoustics},
 year = {2004},
 pages = {739-756},
 }
 
 @mastersthesis{sjoberg,
 author = {{Sjöberg P}},
 title = {Real-Time Audio Simulation with Implicit Surfaces using Sphere Tracing on the GPU},
 year = {2011},
 school = {University of Skövde, School of Humanities and Informatics},
 }
 
 @mastersthesis{CPUcoGPU,
 author = {{Gjermundsen A}},
 title = {CPU and GPU Co-processing for Sound},
 year = {2010},
 month = {July},
 school = {Norwegian University of Science and Technology, Department of Computer and Information Science},
 }
 
 @article{rect_decomp,
 author = {{Raghuvanshi N} and {Narain R} and {Lin C}},
 journal = {IEEE Transactions on Visualization and Computer Graphics},
 title = {Efficient and Accurate Sound Propagation Using Adaptive Rectangular Decomposition},
 volume = {15},
 month = {September},
 year = {2009},
 pages = {789 - 801},
 }